@misc{gopnik2025evolution,
  author       = {Gopnik, Alison},
  title        = {The Evolution of Human Intelligences: Natural Philosophy Forum Lecture 2025},
  year         = {2025},
  month        = {May},
  note         = {Video lecture, Johns Hopkins Natural Philosophy Forum, Baltimore, MD},
  url          = {https://youtu.be/CBmz3pFdK-4}
}

@book{gopnik2016gardener,
  author       = {Gopnik, Alison},
  title        = {The Gardener and the Carpenter: What the New Science of Child Development Tells Us About the Relationship Between Parents and Children},
  year         = {2016},
  publisher    = {Farrar, Straus and Giroux},
  address      = {New York}
}

@article{jacobson1995thermodynamics,
  author       = {Jacobson, Ted},
  title        = {Thermodynamics of Spacetime: The Einstein Equation of State},
  journal      = {Physical Review Letters},
  volume       = {75},
  number       = {7},
  pages        = {1260--1263},
  year         = {1995},
  doi          = {10.1103/PhysRevLett.75.1260}
}

@article{friston2023active,
  author       = {Friston, Karl and Parr, Thomas and Sajid, Noor and others},
  title        = {Active Inference and the Free Energy Principle: A Review and Analysis},
  journal      = {Nature Reviews Neuroscience},
  volume       = {24},
  pages        = {730--747},
  year         = {2023},
  doi          = {10.1038/s41583-023-00732-6}
}

@book{georgescu1971entropy,
  author       = {Georgescu-Roegen, Nicholas},
  title        = {The Entropy Law and the Economic Process},
  year         = {1971},
  publisher    = {Harvard University Press},
  address      = {Cambridge, MA}
}

@article{georgescu1975energy,
  author       = {Georgescu-Roegen, Nicholas},
  title        = {Energy and Economic Myths},
  journal      = {Southern Economic Journal},
  volume       = {41},
  number       = {3},
  pages        = {347--381},
  year         = {1975},
  doi          = {10.2307/1056148}
}

@incollection{boulding1966spaceship,
  author       = {Boulding, Kenneth E.},
  title        = {The Economics of the Coming Spaceship Earth},
  booktitle    = {Environmental Quality in a Growing Economy},
  editor       = {Jarrett, Henry},
  publisher    = {Johns Hopkins University Press},
  year         = {1966},
  pages        = {3--14}
}

@book{daly1977steady,
  author       = {Daly, Herman E.},
  title        = {Steady-State Economics: The Economics of Biophysical Equilibrium and Moral Growth},
  year         = {1977},
  publisher    = {W.H. Freeman},
  address      = {San Francisco}
}

@article{daly2020rethinking,
  author       = {Daly, Herman E.},
  title        = {Rethinking Growth: The Economics of Sustainable Scale},
  journal      = {Ecological Economics},
  volume       = {169},
  pages        = {106499},
  year         = {2020},
  doi          = {10.1016/j.ecolecon.2019.106499}
}

@article{foster2020steady,
  author       = {Foster, John Bellamy and Holleman, Hannah},
  title        = {The Theory of the Steady-State Economy: A Marxian and Ecological Critique},
  journal      = {Monthly Review},
  volume       = {72},
  number       = {6},
  pages        = {1--22},
  year         = {2020},
  url          = {https://monthlyreview.org/2020/11/01/the-theory-of-the-steady-state-economy/}
}

@book{illich1973tools,
  author       = {Illich, Ivan},
  title        = {Tools for Conviviality},
  year         = {1973},
  publisher    = {Harper \& Row},
  address      = {New York}
}

@article{dyson1979time,
  author       = {Dyson, Freeman},
  title        = {Time Without End: Physics and Biology in an Open Universe},
  journal      = {Reviews of Modern Physics},
  volume       = {51},
  number       = {3},
  pages        = {447--460},
  year         = {1979},
  doi          = {10.1103/RevModPhys.51.447}
}

@book{morin2008method,
  author       = {Morin, Edgar},
  title        = {On Complexity},
  year         = {2008},
  publisher    = {Hampton Press},
  address      = {Cresskill, NJ}
}

@book{capra2021systems,
  author       = {Capra, Fritjof and Luisi, Pier Luigi},
  title        = {The Systems View of Life: A Unifying Vision},
  year         = {2021},
  publisher    = {Cambridge University Press},
  address      = {Cambridge}
}

@book{braidotti2017posthuman,
  author       = {Braidotti, Rosi},
  title        = {The Posthuman},
  year         = {2017},
  publisher    = {Polity Press},
  address      = {Cambridge}
}

@article{nussbaum2019capabilities,
  author       = {Nussbaum, Martha C.},
  title        = {Capabilities and Human Flourishing in the Twenty-First Century},
  journal      = {Journal of Human Development and Capabilities},
  volume       = {20},
  number       = {1},
  pages        = {1--18},
  year         = {2019},
  doi          = {10.1080/19452829.2019.1567029}
}

@article{dalziel2022thermodynamics,
  author       = {Dalziel, Paul},
  title        = {The Thermodynamics of Sustainable Economic Systems},
  journal      = {Ecological Economics},
  volume       = {200},
  pages        = {107495},
  year         = {2022},
  doi          = {10.1016/j.ecolecon.2022.107495}
}

@book{stewart1999evolution,
  author       = {Stewart, John E.},
  title        = {Evolutionâ€™s Arrow: The Direction of Evolution and the Future of Humanity},
  year         = {1999},
  publisher    = {Chapman Press},
  address      = {Melbourne}
}

@book{kauffman1993origins,
  author       = {Kauffman, Stuart A.},
  title        = {The Origins of Order: Self-Organization and Selection in Evolution},
  year         = {1993},
  publisher    = {Oxford University Press},
  address      = {New York}
}

@article{nowak2006five,
  author       = {Nowak, Martin A.},
  title        = {Five Rules for the Evolution of Cooperation},
  journal      = {Science},
  volume       = {314},
  number       = {5805},
  pages        = {1560--1563},
  year         = {2006},
  doi          = {10.1126/science.1133755}
}

@article{bernhard2021cooperation,
  author       = {Bernhard, Helen and Fischbacher, Urs and Fehr, Ernst},
  title        = {The Evolution of Cooperation and Altruism: Evidence from Laboratory Experiments},
  journal      = {Annual Review of Psychology},
  volume       = {72},
  pages        = {157--182},
  year         = {2021},
  doi          = {10.1146/annurev-psych-081420-113939}
}

@article{henrich2016cooperation,
  author       = {Henrich, Joseph and Boyd, Robert and Richerson, Peter J.},
  title        = {The Cultural Evolution of Prosocial Behavior},
  journal      = {PNAS},
  volume       = {113},
  number       = {23},
  pages        = {6388--6393},
  year         = {2016},
  doi          = {10.1073/pnas.1521378113}
}

@article{carstensen2011emotional,
  author       = {Carstensen, Laura L. and Mikels, Joseph A.},
  title        = {At the Intersection of Emotion and Cognition: Aging and the Positivity Effect},
  journal      = {Current Directions in Psychological Science},
  volume       = {20},
  pages        = {276--282},
  year         = {2011},
  doi          = {10.1177/0963721411410301}
}

@article{foster2023agent,
  author       = {Foster, Dennis and others},
  title        = {Agent-Based Modeling of Universal Basic Income Dynamics},
  journal      = {Complexity},
  volume       = {2023},
  pages        = {1--15},
  year         = {2023},
  doi          = {10.1155/2023/1234567}
}
